@incollection {bbd,
    AUTHOR = {Be{\u\i}linson, A. A. and Bernstein, J. and Deligne, P.},
     TITLE = {Faisceaux pervers},
 BOOKTITLE = {Analysis and topology on singular spaces, {I} ({L}uminy,
              1981)},
    SERIES = {Ast\'erisque},
    VOLUME = {100},
     PAGES = {5--171},
 PUBLISHER = {Soc. Math. France, Paris},
      YEAR = {1982},
   MRCLASS = {32C38},
  MRNUMBER = {751966},
MRREVIEWER = {Zoghman Mebkhout},
}
		
@misc{beil,
    author  = "A. A. Beilinson",
    title   = "On the derived category of perverse sheaves",
    journal = "Sringer LN",
    volume  = "1289",
    }

@article {gkr,
    AUTHOR = {Gorodentsev, A. L. and Kuleshov, S. A. and Rudakov, A. N.},
     TITLE = {{$t$}-stabilities and {$t$}-structures on triangulated
              categories},
   JOURNAL = {Izv. Ross. Akad. Nauk Ser. Mat.},
  FJOURNAL = {Rossi\u\i skaya Akademiya Nauk. Izvestiya. Seriya
              Matematicheskaya},
    VOLUME = {68},
      YEAR = {2004},
    NUMBER = {4},
     PAGES = {117--150},
      ISSN = {1607-0046},
   MRCLASS = {18E30 (14F05)},
  MRNUMBER = {2084563},
MRREVIEWER = {\=I. \=I. Burban},
       DOI = {10.1070/IM2004v068n04ABEH000497},
       URL = {https://doi.org/10.1070/IM2004v068n04ABEH000497},
}

@ARTICLE{fosco,
   author = {{Fiorenza}, D. and {Loregian}, F. and {Marchetti}, G.},
    title = "{Hearts and towers in stable infinity-categories}",
  journal = {ArXiv e-prints},
archivePrefix = "arXiv",
   eprint = {1501.04658},
 primaryClass = "math.CT",
 keywords = {Mathematics - Category Theory, Mathematics - Algebraic Geometry, 18E30, 18A32, 18E35, 16E35},
     year = 2015,
    month = jan,
   adsurl = {http://adsabs.harvard.edu/abs/2015arXiv150104658F},
  adsnote = {Provided by the SAO/NASA Astrophysics Data System}
}

@incollection {levine,
    AUTHOR = {Levine, Marc},
     TITLE = {Tate motives and the vanishing conjectures for algebraic
              {$K$}-theory},
 BOOKTITLE = {Algebraic {$K$}-theory and algebraic topology ({L}ake
              {L}ouise, {AB}, 1991)},
    SERIES = {NATO Adv. Sci. Inst. Ser. C Math. Phys. Sci.},
    VOLUME = {407},
     PAGES = {167--188},
 PUBLISHER = {Kluwer Acad. Publ., Dordrecht},
      YEAR = {1993},
   MRCLASS = {19E99 (14C35)},
  MRNUMBER = {1367296},
MRREVIEWER = {Amnon Neeman},
}

@article {macri,
    AUTHOR = {Macr\`\i , Emanuele},
     TITLE = {Stability conditions on curves},
   JOURNAL = {Math. Res. Lett.},
  FJOURNAL = {Mathematical Research Letters},
    VOLUME = {14},
      YEAR = {2007},
    NUMBER = {4},
     PAGES = {657--672},
      ISSN = {1073-2780},
   MRCLASS = {18E30 (14F05 16G20)},
  MRNUMBER = {2335991},
       DOI = {10.4310/MRL.2007.v14.n4.a10},
       URL = {https://doi.org/10.4310/MRL.2007.v14.n4.a10},
}

@article{lagra,
   AUTHOR = {{Hensel}, F.},
    TITLE = {Stability Conditions and Lagrangian Cobordisms},
  JOURNAL = {ArXiv e-prints},
archivePrefix = "arXiv",
   eprint = {1712.02252},
 primaryClass = "math.SG",
 keywords = {Mathematics - Symplectic Geometry},
     year = 2017,
    month = dec,
   adsurl = {http://adsabs.harvard.edu/abs/2017arXiv171202252H},
  adsnote = {Provided by the SAO/NASA Astrophysics Data System}
}

@article {permot,
    AUTHOR = {Soergel, Wolfgang and Wendt, Matthias},
     TITLE = {Perverse motives and graded derived category {${\mathcal{O}}$}},
   JOURNAL = {J. Inst. Math. Jussieu},
  FJOURNAL = {Journal of the Institute of Mathematics of Jussieu. JIMJ.
              Journal de l'Institut de Math\'ematiques de Jussieu},
    VOLUME = {17},
      YEAR = {2018},
    NUMBER = {2},
     PAGES = {347--395},
      ISSN = {1474-7480},
   MRCLASS = {14C15 (14F42 14M15 17B10 22E47)},
  MRNUMBER = {3773272},
       DOI = {10.1017/S1474748016000013},
       URL = {https://doi.org/10.1017/S1474748016000013},
}

@article {bezr,
    AUTHOR = {Arinkin, Dmitry and Bezrukavnikov, Roman},
     TITLE = {Perverse coherent sheaves},
   JOURNAL = {Mosc. Math. J.},
  FJOURNAL = {Moscow Mathematical Journal},
    VOLUME = {10},
      YEAR = {2010},
    NUMBER = {1},
     PAGES = {3--29, 271},
      ISSN = {1609-3321},
   MRCLASS = {14F05 (14A20 14D23 18E30 18F20)},
  MRNUMBER = {2668828},
MRREVIEWER = {Antony Maciocia},
}

@article {kosz,
    AUTHOR = {Beilinson, Alexander and Ginzburg, Victor and Soergel,
              Wolfgang},
     TITLE = {Koszul duality patterns in representation theory},
   JOURNAL = {J. Amer. Math. Soc.},
  FJOURNAL = {Journal of the American Mathematical Society},
    VOLUME = {9},
      YEAR = {1996},
    NUMBER = {2},
     PAGES = {473--527},
      ISSN = {0894-0347},
   MRCLASS = {17B10 (14F10 16W50)},
  MRNUMBER = {1322847},
MRREVIEWER = {Rolf K\"allstr\"om},
       DOI = {10.1090/S0894-0347-96-00192-0},
       URL = {https://doi.org/10.1090/S0894-0347-96-00192-0},
}

@article {bridgeland,
    AUTHOR = {Bridgeland, Tom},
     TITLE = {Stability conditions on triangulated categories},
   JOURNAL = {Ann. of Math. (2)},
  FJOURNAL = {Annals of Mathematics. Second Series},
    VOLUME = {166},
      YEAR = {2007},
    NUMBER = {2},
     PAGES = {317--345},
      ISSN = {0003-486X},
   MRCLASS = {14F05 (18E30)},
  MRNUMBER = {2373143},
MRREVIEWER = {Leovigildo M. Alonso Tarrio},
       DOI = {10.4007/annals.2007.166.317},
       URL = {https://doi.org/10.4007/annals.2007.166.317},
}

@inproceedings {semiort,
    AUTHOR = {Kuznetsov, Alexander},
     TITLE = {Semiorthogonal decompositions in algebraic geometry},
 BOOKTITLE = {Proceedings of the {I}nternational {C}ongress of
              {M}athematicians---{S}eoul 2014. {V}ol. {II}},
     PAGES = {635--660},
 PUBLISHER = {Kyung Moon Sa, Seoul},
      YEAR = {2014},
   MRCLASS = {18E30 (14F05)},
  MRNUMBER = {3728631},
MRREVIEWER = {Beren Sanders},
}

@article {baric,
    AUTHOR = {Achar, Pramod N. and Treumann, David},
     TITLE = {Baric structures on triangulated categories and coherent
              sheaves},
   JOURNAL = {Int. Math. Res. Not. IMRN},
  FJOURNAL = {International Mathematics Research Notices. IMRN},
      YEAR = {2011},
    NUMBER = {16},
     PAGES = {3688--3743},
      ISSN = {1073-7928},
   MRCLASS = {14F05 (18E30)},
  MRNUMBER = {2824842},
MRREVIEWER = {Pawel Sosna},
       DOI = {10.1093/imrn/rnq226},
       URL = {https://doi.org/10.1093/imrn/rnq226},
}
		
@article {collins,
    AUTHOR = {Collins, John and Polishchuk, Alexander},
     TITLE = {Gluing stability conditions},
   JOURNAL = {Adv. Theor. Math. Phys.},
  FJOURNAL = {Advances in Theoretical and Mathematical Physics},
    VOLUME = {14},
      YEAR = {2010},
    NUMBER = {2},
     PAGES = {563--607},
      ISSN = {1095-0761},
   MRCLASS = {14F05},
  MRNUMBER = {2721656},
MRREVIEWER = {Daniele Faenzi},
       URL = {http://projecteuclid.org/euclid.atmp/1288619153},
}


@book {ekh,
    AUTHOR = {Ekedahl, Torsten},
     TITLE = {Diagonal complexes and {$F$}-gauge structures},
    SERIES = {Travaux en Cours. [Works in Progress]},
      NOTE = {With a French summary},
 PUBLISHER = {Hermann, Paris},
      YEAR = {1986},
     PAGES = {xii+122},
      ISBN = {2-7056-6045-3},
   MRCLASS = {14F30},
  MRNUMBER = {860039},
MRREVIEWER = {Richard Crew},
}

